<?xml version="1.0" encoding="UTF-8"?><collection xmlns="http://www.loc.gov/MARC21/slim"><record><leader>00469nam--2200157-i-4500</leader><controlfield tag="001">000002889</controlfield><controlfield tag="002">20161230</controlfield><controlfield tag="005">20161230201025</controlfield><controlfield tag="008">060222s1000------------r-----000-0-eng-d</controlfield><datafield ind1=" " ind2=" " tag="080"><subfield code="a">519</subfield></datafield><datafield ind1=" " ind2=" " tag="100"><subfield code="a">Bremermann, Hans</subfield></datafield><datafield ind1=" " ind2=" " tag="245"><subfield code="a">Distributions, complex variables and gourier transforms</subfield></datafield><datafield ind1=" " ind2=" " tag="260"><subfield code="a">Reading Mass Addison Wesley Pibl.Co.Inc.,1965 Xii + 186 P</subfield></datafield><datafield ind1=" " ind2=" " tag="490"><subfield code="a">Addison-wesley Series In Mathematics</subfield></datafield><datafield ind1=" " ind2=" " tag="852"><subfield code="a">30208</subfield><subfield code="c">517.53</subfield></datafield><datafield ind1=" " ind2=" " tag="CAT"><subfield code="a">Sys</subfield><subfield code="c">20080818</subfield><subfield code="h">140909</subfield></datafield></record></collection>